@Article{PERF-2007-01,
    author         = "{ATLAS Collaboration}",
    title          = "{The ATLAS Experiment at the CERN Large Hadron Collider}",
    journal        = "JINST",
    volume         = "3",
    year           = "2008",
    pages          = "S08003",
    doi            = "10.1088/1748-0221/3/08/S08003",
    primaryClass   = "hep-ex",
}

@Article{SUSY-2016-10,
    author         = "{ATLAS Collaboration}",
    title          = "{Search for Supersymmetry in final states with missing transverse momentum and multiple $b$-jets in proton--proton collisions at $\sqrt{s} = 13\;\mbox{TeV}$ with the ATLAS detector}",
    year           = "2017",
    reportNumber   = "CERN-EP-2017-182",
    eprint         = "1711.01901",
    archivePrefix  = "arXiv",
    primaryClass   = "hep-ex",
}

@Article{SUSY-2015-10,
    author         = "{ATLAS Collaboration}",
    title          = "{Search for pair production of gluinos decaying via stop and sbottom in events with $b$-jets and large missing transverse momentum in $pp$ collisions at $\sqrt{s} = 13\;\mbox{TeV}$ with the ATLAS detector}",
    journal        = "Phys. Rev. D",
    volume         = "94",
    year           = "2016",
    pages          = "032003",
    doi            = "10.1103/PhysRevD.94.032003",
    reportNumber   = "CERN-EP-2016-061",
    eprint         = "1605.09318",
    archivePrefix  = "arXiv",
    primaryClass   = "hep-ex",
}

@misc{giordon_stark_2015_839037,
      author= {Giordon Stark and
               John Alison and
               Marco Milesi and
               Gabriel Facini and
               Jeff Dandoy and
               Karol Krizka and
               Matt LeBlanc and
               Frederico Scutti and
               Brian Tuan and
               Tadej Novak and
               Miha Muskinja and
               Jonathan Bossio and
               Joakim Olsson and
               Alexander Tuna and
               Tomo Lazovich and
               Brian Amadio and
               Tony(Baojia) Tong and
               Rui Zuo and
               Meghan Frate and
               Caterina Doglioni and
               Patrick Bryant and
               Marta Perego and
               Lawrence Lee and
               Maximilan Swiatlowski and
               Christina Nelson and
               Aviv Cukierman and
               Andrea Coccaro},
      title= {UCATLAS/xAODAnaHelpers},
      month= {jan},
      year= {2015},
      doi= {10.5281/zenodo.839037},
      url= {https://doi.org/10.5281/zenodo.839037}
}

@misc{DPF2017gFEX,
  title= {The Calorimeter Global Feature Extractor (gFEX) for the Phase-I Upgrade of the ATLAS experiment},
  author = {Giordon Stark},
  month = {August},
  year = {2017},
  note= {APS Division of Particles and Fields 2017},
  url= {https://indico.fnal.gov/event/11999/session/21/contribution/192},
}
